@INPROCEEDINGS{4746789,
  author={Chan, Y.-T.F. and Shoniregun, C.A. and Akmayeva, G.A.},
  booktitle={Digital Information Management, 2008. ICDIM 2008. Third
    International Conference on},
  title={A NetFlow based internet-worm detecting system in large network},
  year={2008},
  pages={581-586},
}

@INPROCEEDINGS{1588293,
  author={Slagell, A.J. and Yifan Li and Luo, K.},
  booktitle={Security and Privacy for Emerging Areas in Communication Networks,
    2005. Workshop of the 1st International Conference on},
  title={Sharing network logs for computer forensics: a new tool for the
    anonymization of netflow records},
  year={2005},
  pages={37-42},
}

@inproceedings{Rossi:2010:FTC:1815396.1815507,
  author = {Rossi, Dario and Valenti, Silvio},
  title = {Fine-grained traffic classification with netflow data},
  booktitle = {Proceedings of the 6th International Wireless Communications and
    Mobile Computing Conference},
  series = {IWCMC '10},
  year = {2010},
  pages = {479-483},
  publisher = {ACM},
  address = {New York, NY, USA},
}

@inproceedings{Yin:2004:VNV:1029208.1029214,
  author = {Yin, Xiaoxin and Yurcik, William and Treaster, Michael and
    Li, Yifan and Lakkaraju, Kiran},
  title = {VisFlowConnect: netflow visualizations of link relationships for
    security situational awareness},
  booktitle = {Proceedings of the 2004 ACM workshop on Visualization and data
    mining for computer security},
  series = {VizSEC/DMSEC '04},
  year = {2004},
  pages = {26--34},
  publisher = {ACM},
  address = {New York, NY, USA},
}

@INPROCEEDINGS{6154077,
  author={Yang Guozheng and Lu Yuliang and Chen Huixian},
  booktitle={Instrumentation, Measurement, Computer, Communication and Control,
    2011 First International Conference on},
  title={A New Network Topology Visualization Algorithm},
  year={2011},
  pages={369-372}
}

@INPROCEEDINGS{4482794,
  author={Farkas, J. and Farkas, J. and Salvador, M.R. and dos Santos, G.C.},
  booktitle={Advanced Information Networking and Applications, 2008. AINA 2008.
    22nd International Conference on},
  title={Automatic Discovery of Physical Topology in Ethernet Networks},
  year={2008},
  pages={848-854}
}

@manual{lldpMan,
  title={Link Layer Discovery Protocol},
  organization={HP}
}

@manual{lldpBrief,
  title={Link Layer Discovery Protocol (LLDP): A New Standard for Discovering
    and Managing Converged Network Devices},
  organization={Extreme Networks},
  year={2006}
}

